@misc{lyngsOxforddown2019,
  author = {Lyngs, Ulrik},
  title = {oxforddown: An Oxford University Thesis Template for R Markdown},
  year = {2019},
  publisher = {GitHub},
  journal = {GitHub repository},
  howpublished = {\url{https://github.com/ulyngs/oxforddown}},
  doi = {10.5281/zenodo.3484682},
}